@TechReport{omgDDS,
	type = {Standard},
	year = {2015},
	title = {Data Distribution Service (DDS)},
	institution = {Object Management Group}
}

@INPROCEEDINGS{ddsOverview, 
author={G. Pardo-Castellote}, 
booktitle={23rd International Conference on Distributed Computing Systems Workshops, 2003. Proceedings.}, 
title={OMG Data-Distribution Service: architectural overview}, 
year={2003}, 
pages={200-206}, 
keywords={application program interfaces;distributed object management;formal specification;quality of service;specification languages;API;OMG DDS specification;OMG data-distribution service;UML;application-level interface;publish-subscribe data-distribution systems;quality of service;Application software;Computer languages;Concrete;Distributed computing;Middleware;Publish-subscribe;Quality of service;Real time systems;Technological innovation;Unified modeling language}, 
doi={10.1109/ICDCSW.2003.1203555}, 
month={May},}

@book{gof:1994,
	title = {Design Patterns: Elements of Reusable Object-Oriented Software},
	author = {{Gamma, E.} and Helm, R. and Johnson, R. and Vlissides, J.},
	publisher = {Addison-Wesley},
	year = {1994},
	location = {n.L.},
}

@Unpublished{release241,
	author = {Real-Time Innovations, Inc.},
	title = {RTI Connext Micro Release Notes Version 2.4.1},
	year = {2014},
	address = {Sunnyvale},
	note = {Release Notes}
}

@Online{pb_overview,
	author = {Google Inc. (publ.)},
	title = {Developer Guide},
	url = {https://developers.google.com/protocol-buffers/docs/overview},
	urldate = {2017-08-16}
}

@Online{languageGuide,
	author = {Google Inc. (publ.)},
	title = {Language Guide (proto2)},
	url = {https://developers.google.com/protocol-buffers/docs/proto#scalar},
	urldate = {2017-08-04}
}

@Online{requiredRemoval,
	author = {Google Inc. (publ.)},
	title = {why messge type remove 'required,optional'? \#2497},
	url = {https://github.com/google/protobuf/issues/2497},
	urldate = {2017-08-06}
}

@Online{encoding,
	author = {Google Inc. (publ.)},
	title = {Encoding},
	url = {https://developers.google.com/protocol-buffers/docs/encoding#packed},
	urldate = {2017-08-07}
}

@Online{garmin,
	author = {Garmin Ltd. (publ.)},
	title = {Garmin},
	url = {https://explore.garmin.com/drive/content/images/Automotive-GPS-Navigation-Car-GPS-product-alerts-route-Garmin.png?v2},
	urldate = {2017-08-10}
}

@INPROCEEDINGS{7795600, 
author={{Bauer, S.} and {Alkhorshid, Y.} and {Wanielik, G.}}, 
booktitle={2016 IEEE 19th International Conference on Intelligent Transportation Systems (ITSC)}, 
title={Using High-Definition maps for precise urban vehicle localization}, 
year={2016}, 
pages={492-497}, 
keywords={intelligent transportation systems;particle filtering (numerical methods);satellite navigation;sensor fusion;telecommunication network reliability;GNSS based localization;GNSS-based positioning;Global Navigation Satellite System based localization;HD maps;data fusion based localization algorithm;high-definition map;in-vehicle sensor information;intelligent transportation system advanced driver assistance system;low-cost data fusion algorithm;mass-market applicable localization algorithm;particle filter based localization algorithm;precise urban vehicle localization;safety critical application;short term GNSS outage;urban environment;vehicle odometry measurement;vehicle position estimation;Atmospheric measurements;Particle measurements;Receivers;Roads;Satellites;Three-dimensional displays;Vehicles}, 
doi={10.1109/ITSC.2016.7795600}, 
month={Nov},
location = {n.L.}}

@INPROCEEDINGS{tomtom, 
author={{Wang, Y.} and Xuemei Liu and Hong Wei and George Forman and Chao Chen and Yanmin Zhu}, 
booktitle={Proceeding of the 11th annual international conference on Mobile systems, applications, and services}, 
title={Crowdatlas: Self- updating maps for cloud and personal use}, 
year={2013}, 
pages={27–40},
location = {n.L.}
}

@Unpublished{confluence_maplearning,
	author = {Daimler AG},
	title = {Map Learning},
	year = {2016},
	note = {Internal information}
}

@Unpublished{here_sdii,
	author = {HERE},
	title = {Sensor Data Ingestion Interface},
	year = {2017},
	note = {Internal information}
}

@Online{pb_techniques,
	author = {Google Inc. (publ.)},
	title = {Techniques},
	url = {https://developers.google.com/protocol-buffers/docs/techniques},
	urldate = {2017-08-14}
}

@Online{stackoverflow_delimit,
	author = {Stackoverflow (publ.)},
	title = {Are there C++ equivalents for the Protocol Buffers delimited I/O functions in Java?},
	url = {https://stackoverflow.com/questions/2340730/are-there-c-equivalents-for-the-protocol-buffers-delimited-i-o-functions-in-ja/22927149#22927149},
	urldate = {2017-08-14}
}

@TechReport{sae,
	type = {Standard},
	year = {2014},
	title = {Taxonomy and Definitions for Terms Related to On-Road Motor Vehicle Automated Driving Systems, SAE J3016},
	institution = {SAE International}
}

@INPROCEEDINGS{ieee_maplearning, 
author={{Massow, K.} and B. Kwella and N. Pfeifer and F. Häusler and J. Pontow and I. Radusch and J. Hipp and F. Dölitzscher and M. Haueis}, 
booktitle={2016 IEEE 19th International Conference on Intelligent Transportation Systems (ITSC)}, 
title={Deriving HD maps for highly automated driving from vehicular probe data}, 
year={2016}, 
pages={1745-1752}, 
keywords={data analysis;probes;roads;sensors;HD map data;automated driving;automated vehicle;geometry;high definition map data;highway;iterative process;onboard sensor data;speed data analysis;vehicle sensor data;vehicular probe data;Context;Geometry;High definition video;Probes;Roads;Vehicle dynamics;Vehicles}, 
doi={10.1109/ITSC.2016.7795794}, 
month={Nov},
location = {n.L.}}

@INPROCEEDINGS{ieee_autoDriving, 
author={{Levinson, J.} and {Askeland, J.} and {Becker, J.} and J. Dolson and D. Held and S. Kammel and J. Z. Kolter and D. Langer and O. Pink and V. Pratt and M. Sokolsky and G. Stanek and D. Stavens and A. Teichman and M. Werling and S. Thrun}, 
booktitle={2011 IEEE Intelligent Vehicles Symposium (IV)}, 
title={Towards fully autonomous driving: Systems and algorithms}, 
year={2011}, 
pages={163-168}, 
keywords={computer vision;mobile robots;remotely operated vehicles;DARPA urban challenge;LIDAR;autonomous driving;closed-course competition;environment perception;obstacle classification;obstacle tracking;online localization;planning system;realtime system;recognition algorithm;robust autonomous operation;robust vehicle platform;software infrastructure;unpredictable traffic;Calibration;Laser beams;Planning;Software;Trajectory;Vehicle dynamics;Vehicles}, 
doi={10.1109/IVS.2011.5940562}, 
ISSN={1931-0587}, 
month={June},
location = {n.L.}}

@book{sensorLearning,
	title = {Sensor-based learning algorithms pave the way towards autonomous driving},
	author = {{Beringer, Dr. N.}},
	publisher = {VDE VERLAG GMBH},
	year = {2017},
	isbn = {978-3-8007-4369-8}
}

@INPROCEEDINGS{ieee_bertha, 
author={{Ziegler, J.}}, 
booktitle={2011 IEEE Intelligent Vehicles Symposium (IV)}, 
title={Making Bertha drive—An autonomous journey on a historic route}, 
year={2014}, 
pages={8-20}, 
keywords={computer vision;mobile robots;remotely operated vehicles;DARPA urban challenge;LIDAR;autonomous driving;closed-course competition;environment perception;obstacle classification;obstacle tracking;online localization;planning system;realtime system;recognition algorithm;robust autonomous operation;robust vehicle platform;software infrastructure;unpredictable traffic;Calibration;Laser beams;Planning;Software;Trajectory;Vehicle dynamics;Vehicles},
location = {n.L.}
}

@Unpublished{here_,
	author = {HERE (publ.)},
	title = {Vehicle Sensor Data Cloud Ingestion Interface Specification (v2.0.2)},
	year = {2015},
	url = {https://lts.cms.here.com/static- cloud-content/Company_Site/2015_06/Vehicle_Sensor_Data_Cloud_ Ingestion_Interface_Specification.pdf},
	urldate = {2017-07-18}
}

@Online{bmw_here,
	author = {HERE (publ.)},
	title = {Closing the loop: BMW cars to help update HD Live Map},
	url = {http://360.here.com/2017/02/21/closing-loop-bmw-cars-help-update-hd-live-map/},
	urldate = {2017-08-16}
}

@Unpublished{here_2,
	author = {HERE (publ.)},
	title = {HERE HD Live Map},
	year = {2017},
	url = {https://here.com/en/products-services/products/here-hd-live-map},
	urldate = {2017-07-22}
}